@book{luswt,
	place={Cambridge},
	series={Perspectives in Logic},
	title={Lambda Calculus with Types},
	DOI={10.1017/CBO9781139032636},
	publisher={Cambridge University Press},
	author={Barendregt, Henk and Dekkers, Wil and Statman, Richard},
	year={2013},
	collection={Perspectives in Logic}
}

@InCollection{howard,
	author={Howard, William A.},
	editor={Seldin, J. P. and Hindley, J. R.},
	title={The formulae-as-types notion of construction},
	booktitle={To H.B. Curry: Essays on Combinatory Logic, Lambda Calculus and Formalism},
	publisher={Academic Press},
	pages={479--490},
	year={1980}
}